<record><leader>00000cas a22000007a 4500</leader><controlfield tag="001">34530570</controlfield><controlfield tag="008">960408d198019uucauwr ne      0    0eng d</controlfield><datafield ind1=" " ind2=" " tag="010"><subfield code="a">sn 96062706 </subfield></datafield><datafield ind1=" " ind2=" " tag="040"><subfield code="a">CNK</subfield><subfield code="b">eng</subfield><subfield code="c">CNK</subfield><subfield code="d">OCLCQ</subfield><subfield code="d">OCLCF</subfield><subfield code="d">OCLCO</subfield></datafield><datafield ind1="1" ind2=" " tag="029"><subfield code="a">AU@</subfield><subfield code="b">000025930208</subfield></datafield><datafield ind1=" " ind2=" " tag="042"><subfield code="a">msc</subfield></datafield><datafield ind1=" " ind2=" " tag="043"><subfield code="a">n-us-ca</subfield></datafield><datafield ind1="0" ind2="4" tag="245"><subfield code="a">The East Valley post.</subfield></datafield><datafield ind1=" " ind2=" " tag="260"><subfield code="a">Anderson, Ca. :</subfield><subfield code="b">Lyle R. Amlin</subfield></datafield><datafield ind1=" " ind2=" " tag="300"><subfield code="a">v.</subfield></datafield><datafield ind1=" " ind2=" " tag="310"><subfield code="a">Weekly</subfield></datafield><datafield ind1="0" ind2=" " tag="362"><subfield code="a">Vol. 80, no. 26 (June 25, 1980)-</subfield></datafield><datafield ind1=" " ind2=" " tag="500"><subfield code="a">"Serving Palo Cedro, Millville &amp; Shingletown."</subfield></datafield><datafield ind1=" " ind2=" " tag="515"><subfield code="a">Numbering changed from v. 80, no. 51 (Dec. 17, 1980) to v. 1 no. 36 (Dec. 24, 1980).</subfield></datafield><datafield ind1=" " ind2="0" tag="651"><subfield code="a">Shasta County (Calif.)</subfield><subfield code="v">Newspapers.</subfield></datafield><datafield ind1=" " ind2="7" tag="655"><subfield code="a">Newspapers.</subfield><subfield code="2">fast</subfield><subfield code="0">(OCoLC)fst01423814</subfield></datafield><datafield ind1=" " ind2="7" tag="651"><subfield code="a">California</subfield><subfield code="z">Shasta County.</subfield><subfield code="2">fast</subfield><subfield code="0">(OCoLC)fst01215710</subfield></datafield><datafield ind1=" " ind2=" " tag="752"><subfield code="a">United States</subfield><subfield code="b">California</subfield><subfield code="c">Shasta</subfield><subfield code="d">Anderson.</subfield></datafield><datafield ind1="0" ind2=" " tag="775"><subfield code="t">Valley post (Anderson, Calif. : 1979)</subfield><subfield code="w">(DLC)sn 95062271</subfield></datafield><datafield ind1="0" ind2="0" tag="780"><subfield code="t">Valley post (Anderson, Calif. : Valley ed.)</subfield><subfield code="w">(DLC)sn 96062705</subfield></datafield></record>